<record><leader>00000cas a22000007a 4500</leader><controlfield tag="001">13214054</controlfield><controlfield tag="008">860228d19841996inuwr ne      0    0eng d</controlfield><datafield ind1=" " ind2=" " tag="010"><subfield code="a">sn 86058323 </subfield></datafield><datafield ind1=" " ind2=" " tag="040"><subfield code="a">NPI</subfield><subfield code="b">eng</subfield><subfield code="c">NPI</subfield><subfield code="d">OCLCQ</subfield></datafield><datafield ind1=" " ind2=" " tag="042"><subfield code="a">msc</subfield></datafield><datafield ind1="0" ind2="0" tag="245"><subfield code="a">Portage journal press.</subfield></datafield><datafield ind1=" " ind2=" " tag="260"><subfield code="a">Portage, Ind. :</subfield><subfield code="b">Joel Remaley,</subfield><subfield code="c">1984-1996.</subfield></datafield><datafield ind1=" " ind2=" " tag="300"><subfield code="a">13 v. :</subfield><subfield code="b">ill. ;</subfield><subfield code="c">58 cm.</subfield></datafield><datafield ind1=" " ind2=" " tag="310"><subfield code="a">Weekly</subfield></datafield><datafield ind1="0" ind2=" " tag="362"><subfield code="a">Vol. 14, no. 28 (July 12, 1984)-v. 26, no. 30 (July 11, 1996).</subfield></datafield><datafield ind1=" " ind2=" " tag="500"><subfield code="a">Published as: Portage journal-press, June 27, 1985-</subfield></datafield><datafield ind1=" " ind2=" " tag="500"><subfield code="a">"Independent."</subfield></datafield><datafield ind1=" " ind2=" " tag="752"><subfield code="a">United States</subfield><subfield code="b">Indiana</subfield><subfield code="c">Porter</subfield><subfield code="d">Portage.</subfield></datafield><datafield ind1="0" ind2="4" tag="780"><subfield code="t">Portage journal (Portage, Ind.)</subfield><subfield code="w">(DLC)sn 84002880</subfield></datafield><datafield ind1="0" ind2="4" tag="780"><subfield code="t">Portage press</subfield><subfield code="w">(DLC)sn 87056855</subfield></datafield></record>